<?xml version="1.0" encoding="UTF-8"?><collection xmlns="http://www.loc.gov/MARC21/slim"><record><leader>00593nam--2200205-u-4500</leader><controlfield tag="001">000055370</controlfield><controlfield tag="002">20161230</controlfield><controlfield tag="005">20161230201052</controlfield><controlfield tag="008">130122s1000------------r-----000-0-rus-d</controlfield><datafield ind1=" " ind2=" " tag="040"><subfield code="a">IFIN-HH</subfield></datafield><datafield ind1=" " ind2=" " tag="041"><subfield code="a">rus</subfield></datafield><datafield ind1=" " ind2=" " tag="080"><subfield code="a">539.3</subfield></datafield><datafield ind1="1" ind2=" " tag="100"><subfield code="a">Motovilovet, I.A</subfield></datafield><datafield ind1="1" ind2="0" tag="245"><subfield code="a">Mehanika sviazannih polei v elementah konstruktii</subfield><subfield code="c">I.a. motovilovet, v.i. kozlov, iu.n. sevcenko, v.g. savcenko</subfield></datafield><datafield ind1=" " ind2=" " tag="260"><subfield code="a">Kiev</subfield><subfield code="b">Naukova Dumka</subfield><subfield code="c">1987</subfield></datafield><datafield ind1=" " ind2=" " tag="300"><subfield code="a">2 VOL</subfield></datafield><datafield ind1="1" ind2=" " tag="700"><subfield code="a">Savcenko, V.G</subfield></datafield><datafield ind1="1" ind2=" " tag="787"><subfield code="a">Vol. 2</subfield><subfield code="h">261p</subfield><subfield code="t">Termoviazko-plasticenosti</subfield></datafield><datafield ind1=" " ind2=" " tag="852"><subfield code="a">74220</subfield><subfield code="c">539.3</subfield></datafield><datafield ind1=" " ind2=" " tag="CAT"><subfield code="a">Sys</subfield><subfield code="c">20130122</subfield><subfield code="h">172410</subfield></datafield></record></collection>